<record><leader>00000cas a2200000 a 4500</leader><controlfield tag="001">9941700</controlfield><controlfield tag="008">830923d18511856nyuwr ne      0    0eng c</controlfield><datafield ind1=" " ind2=" " tag="010"><subfield code="a">sn 83031273 </subfield></datafield><datafield ind1=" " ind2=" " tag="040"><subfield code="a">NPU</subfield><subfield code="b">eng</subfield><subfield code="c">NPU</subfield><subfield code="d">NPX</subfield><subfield code="d">NYS</subfield><subfield code="d">OCL</subfield><subfield code="d">NYS</subfield><subfield code="d">OCLCQ</subfield><subfield code="d">OCLCO</subfield></datafield><datafield ind1="1" ind2=" " tag="029"><subfield code="a">AU@</subfield><subfield code="b">000020227066</subfield></datafield><datafield ind1=" " ind2=" " tag="042"><subfield code="a">pcc</subfield></datafield><datafield ind1=" " ind2=" " tag="043"><subfield code="a">n-us-ny</subfield></datafield><datafield ind1="0" ind2=" " tag="130"><subfield code="a">Whig press (Middletown, N.Y. : 1851)</subfield></datafield><datafield ind1="1" ind2="4" tag="245"><subfield code="a">The Whig press.</subfield></datafield><datafield ind1="3" ind2="0" tag="246"><subfield code="a">Whig press: A record of Orange County news</subfield></datafield><datafield ind1=" " ind2=" " tag="260"><subfield code="a">Middletown, N.Y. :</subfield><subfield code="b">John W. Hasbrouck,</subfield><subfield code="c">1851-1856.</subfield></datafield><datafield ind1=" " ind2=" " tag="300"><subfield code="a">5 v. ;</subfield><subfield code="c">60 cm.</subfield></datafield><datafield ind1=" " ind2=" " tag="310"><subfield code="a">Weekly</subfield></datafield><datafield ind1="0" ind2=" " tag="362"><subfield code="a">Vol. 1, no. 1 (Nov. 26, 1851)-v. 5, no. 19 (Apr. 2, 1856).</subfield></datafield><datafield ind1=" " ind2=" " tag="500"><subfield code="a">Published on Wednesday.</subfield></datafield><datafield ind1=" " ind2=" " tag="500"><subfield code="a">"Let it be instilled into the hearts of your Children, that Liberty of the Press is the Palladium of all your Rights-Junius," 1853.</subfield></datafield><datafield ind1="4" ind2=" " tag="510"><subfield code="a">Gregory, W. Amer. newspapers, 1820-1936</subfield><subfield code="c">p. 458</subfield></datafield><datafield ind1=" " ind2=" " tag="530"><subfield code="a">Microfilm available from Hudson Micrographics.</subfield></datafield><datafield ind1=" " ind2="0" tag="651"><subfield code="a">Middletown (N.Y.)</subfield><subfield code="v">Newspapers.</subfield></datafield><datafield ind1=" " ind2="0" tag="651"><subfield code="a">Orange County (N.Y.)</subfield><subfield code="v">Newspapers.</subfield></datafield><datafield ind1=" " ind2=" " tag="752"><subfield code="a">United States</subfield><subfield code="b">New York</subfield><subfield code="c">Orange</subfield><subfield code="d">Middletown.</subfield></datafield><datafield ind1="0" ind2="0" tag="785"><subfield code="t">Whig press and Orange County local record (Middletown, N.Y. : 1856)</subfield><subfield code="w">(DLC)sn 83031274</subfield><subfield code="w">(OCoLC)9977934</subfield></datafield></record>